<?xml version="1.0" encoding="UTF-8"?><record xmlns="http://www.loc.gov/MARC21/slim" xmlns:cinclude="http://apache.org/cocoon/include/1.0" xmlns:zs="http://www.loc.gov/zing/srw/">
  <leader>01397cz  a2200313n  4500</leader>
  <controlfield tag="001">n  86741597 </controlfield>
  <controlfield tag="003">DLC</controlfield>
  <controlfield tag="005">20040727052312.0</controlfield>
  <controlfield tag="008">860926n| acaabaaan          |a ana      </controlfield>
  <datafield tag="010" ind1=" " ind2=" ">
    <subfield code="a">n  86741597 </subfield>
    <subfield code="z">n  90670528 </subfield>
  </datafield>
  <datafield tag="035" ind1=" " ind2=" ">
    <subfield code="a">(OCoLC)oca01691554</subfield>
  </datafield>
  <datafield tag="040" ind1=" " ind2=" ">
    <subfield code="a">DLC</subfield>
    <subfield code="c">DLC</subfield>
    <subfield code="d">DLC</subfield>
    <subfield code="d">MH</subfield>
    <subfield code="d">DLC</subfield>
    <subfield code="d">CoU</subfield>
  </datafield>
  <datafield tag="130" ind1=" " ind2="0">
    <subfield code="a">Arthur M. Okun memorial lectures</subfield>
  </datafield>
  <datafield tag="410" ind1="2" ind2=" ">
    <subfield code="a">Yale University.</subfield>
    <subfield code="t">Arthur M. Okun memorial lectures</subfield>
  </datafield>
  <datafield tag="410" ind1="2" ind2=" ">
    <subfield code="a">Brookings Institution.</subfield>
    <subfield code="t">Arthur M. Okun memorial lectures</subfield>
  </datafield>
  <datafield tag="430" ind1=" " ind2="0">
    <subfield code="a">Okun memorial lectures</subfield>
  </datafield>
  <datafield tag="430" ind1=" " ind2="0">
    <subfield code="a">Okun memorial lectures at Yale University</subfield>
  </datafield>
  <datafield tag="430" ind1=" " ind2="0">
    <subfield code="a">Arthur M. Okun memorial lectures series</subfield>
  </datafield>
  <datafield tag="430" ind1=" " ind2="0">
    <subfield code="a">Arthur M. Okun memorial lecture series</subfield>
  </datafield>
  <datafield tag="643" ind1=" " ind2=" ">
    <subfield code="a">Washington, D.C.</subfield>
    <subfield code="b">Brookings Institution</subfield>
  </datafield>
  <datafield tag="644" ind1=" " ind2=" ">
    <subfield code="a">f</subfield>
    <subfield code="5">DLC</subfield>
  </datafield>
  <datafield tag="645" ind1=" " ind2=" ">
    <subfield code="a">t</subfield>
    <subfield code="5">DLC</subfield>
  </datafield>
  <datafield tag="646" ind1=" " ind2=" ">
    <subfield code="a">s</subfield>
    <subfield code="5">DLC</subfield>
  </datafield>
  <datafield tag="667" ind1=" " ind2=" ">
    <subfield code="a">Issued concurrently by various other publishers, e.g.: New York : M.E. Sharpe; Cardiff, U.K. : University College Cardiff Press</subfield>
  </datafield>
  <datafield tag="670" ind1=" " ind2=" ">
    <subfield code="a">Schultze, C.L. Other times, other places, c1986:</subfield>
    <subfield code="b">ser. t.p.</subfield>
  </datafield>
  <datafield tag="670" ind1=" " ind2=" ">
    <subfield code="a">Kaldor, N. Economics without equilibrium, 1985:</subfield>
    <subfield code="b">ser. t.p.</subfield>
  </datafield>
  <datafield tag="670" ind1=" " ind2=" ">
    <subfield code="a">Update info. from pub., 08-30-90</subfield>
    <subfield code="b">(Arthur M. Okun memorial lectures series)</subfield>
  </datafield>
  <datafield tag="675" ind1=" " ind2=" ">
    <subfield code="a">Hall, R.E. Booms and recessions in a noisy economy, c1991: CIP ser. t.p. (Arthur Okun memorial lectures)</subfield>
  </datafield>
  <datafield tag="670" ind1=" " ind2=" ">
    <subfield code="a">The quiet revolution, 2004:</subfield>
    <subfield code="b">ser. t.p. (Arthur M. Okun memorial lecture series)</subfield>
  </datafield>
</record>